<?xml version="1.0" encoding="UTF-8"?><collection xmlns="http://www.loc.gov/MARC21/slim"><record><leader>00618nam--2200193-i-4500</leader><controlfield tag="001">000023443</controlfield><controlfield tag="002">20161230</controlfield><controlfield tag="005">20161230201035</controlfield><controlfield tag="008">060222s1000------------r-----000-0-eng-d</controlfield><datafield ind1=" " ind2=" " tag="040"><subfield code="a">IFIN-HH</subfield></datafield><datafield ind1=" " ind2=" " tag="080"><subfield code="a">519.4(061.3):517.5(061.3)</subfield></datafield><datafield ind1="1" ind2=" " tag="100"><subfield code="a">Hille, Einar</subfield></datafield><datafield ind1="1" ind2="0" tag="245"><subfield code="a">Functional analysis and semi-groups</subfield><subfield code="c">Einar hille, ralph s. phillips</subfield></datafield><datafield ind1=" " ind2=" " tag="260"><subfield code="a">Providence, Rhode Island</subfield><subfield code="b">American Mathematical Society</subfield><subfield code="c">1957</subfield></datafield><datafield ind1=" " ind2=" " tag="300"><subfield code="a">XII + 808 P</subfield></datafield><datafield ind1=" " ind2=" " tag="490"><subfield code="a">American Mathematical Society Colloquium Publications</subfield><subfield code="v">Vol. Xxxi</subfield></datafield><datafield ind1="1" ind2=" " tag="700"><subfield code="a">Phillips, Ralph S</subfield></datafield><datafield ind1=" " ind2=" " tag="852"><subfield code="a">42198</subfield><subfield code="c">519.4/5</subfield></datafield><datafield ind1=" " ind2=" " tag="CAT"><subfield code="a">Sys</subfield><subfield code="c">20130813</subfield><subfield code="h">134230</subfield></datafield></record></collection>